<?xml version="1.0" encoding="UTF-8"?><collection xmlns="http://www.loc.gov/MARC21/slim"><record><leader>00377nam--2200133-i-4500</leader><controlfield tag="001">000046742</controlfield><controlfield tag="002">20161230</controlfield><controlfield tag="005">20161230201046</controlfield><controlfield tag="008">060222s1000------------r-----000-0-eng-d</controlfield><datafield ind1=" " ind2=" " tag="080"><subfield code="a">534.14(021)=3</subfield></datafield><datafield ind1=" " ind2=" " tag="100"><subfield code="a">Wagner, Karl Willy</subfield></datafield><datafield ind1=" " ind2=" " tag="245"><subfield code="a">Einfuhrung in die lehre von den schwingungen und wellen</subfield></datafield><datafield ind1=" " ind2=" " tag="260"><subfield code="a">Wiesbaden, Dieterich`Sche Verlagsbuchandlung, Xvi+640p</subfield></datafield><datafield ind1=" " ind2=" " tag="852"><subfield code="a">862</subfield></datafield></record></collection>